



@manual{package,
title = {Package "Replicate"},
author = {Mathur, MB and VanderWeele, TJ},
year={2017},
note = {https://cran.r-project.org/web/packages/Replicate/Replicate.pdf}
}

@article{mathur_rrr,
  title={New statistical metrics for multisite replications.},
  author={Mathur, MB and VanderWeele, TJ},
  journal={{Preprint retrieved from https://osf.io/w89s5/.}},
  note={},
  year={2017} 
}

@article{ml2,
  title={Many Labs 2: Investigating Variation in Replicability Across Sample and Setting.},
  author={Klein, R et al.},
  journal={{Preprint provided by authors.}},
  year={2017} 
}


@article{patil,
  title={What should researchers expect when they replicate studies? {A} statistical view of replicability in psychological science},
  author={Patil, Prasad and Peng, Roger D and Leek, Jeffrey T},
  journal={Perspectives on Psychological Science},
  volume={11},
  number={4},
  pages={539--544},
  year={2016},
  publisher={SAGE Publications Sage CA: Los Angeles, CA}
}

@article{lynch,
  title={Reflections on the {R}eplication {C}orner: In praise of conceptual replications},
  author={Lynch, John G and Bradlow, Eric T and Huber, Joel C and Lehmann, Donald R},
  journal={International Journal of Research in Marketing},
  volume={32},
  number={4},
  pages={333--342},
  year={2015},
  publisher={Elsevier}
}


@article{crandall,
  title={On the scientific superiority of conceptual replications for scientific progress},
  author={Crandall, Christian S and Sherman, Jeffrey W},
  journal={Journal of Experimental Social Psychology},
  volume={66},
  pages={93--99},
  year={2016},
  publisher={Elsevier}
}


@article{intro_rrrs,
  title={An introduction to {R}egistered {R}eplication {R}eports at \emph{{P}erspectives on {P}sychological {S}cience}},
  author={Simons, Daniel J and Holcombe, Alex O and Spellman, Barbara A},
  journal={Perspectives on Psychological Science},
  volume={9},
  number={5},
  pages={552--555},
  year={2014},
  publisher={Sage Publications Sage CA: Los Angeles, CA}
}


@article{simons,
  title={The value of direct replication},
  author={Simons, Daniel J},
  journal={Perspectives on Psychological Science},
  volume={9},
  number={1},
  pages={76--80},
  year={2014},
  publisher={Sage Publications Sage CA: Los Angeles, CA}
}

@article{monin_conceptual_rep,
  title={Commentaries and rejoinder on {K}lein et al.(2014)},
  author={Monin, Beno{\^\i}t and Oppenheimer, Daniel M and Ferguson, Melissa J and Carter, Travis J and Hassin, Ran R and Crisp, Richard J and Miles, Eleanor and Husnu, Shenel and Schwarz, Norbert and Strack, Fritz and others},
  journal={Social Psychology},
  year={2014},
  publisher={Hogrefe Publishing}
}

@article{nosek,
  title={Scientific utopia: {II. R}estructuring incentives and practices to promote truth over publishability},
  author={Nosek, Brian A and Spies, Jeffrey R and Motyl, Matt},
  journal={Perspectives on Psychological Science},
  volume={7},
  number={6},
  pages={615--631},
  year={2012},
  publisher={Sage Publications Sage CA: Los Angeles, CA}
}

@article{ml1,
  title={Investigating variation in replicability},
  author={Klein, Richard A and Ratliff, Kate A and Vianello, Michelangelo and Adams Jr, Reginald B and Bahn{\'\i}k, {\v{S}}t{\v{e}}p{\'a}n and Bernstein, Michael J and Bocian, Konrad and Brandt, Mark J and Brooks, Beach and Brumbaugh, Claudia Chloe and others},
  journal={Social Psychology},
  year={2014},
  publisher={Hogrefe Publishing}
}

@techreport{andrews,
  title={Identification of and correction for publication bias},
  author={Andrews, Isaiah and Kasy, Maximilian},
  year={2017},
  institution={National Bureau of Economic Research}
}

@article{rucker,
  title={Simpson's {P}aradox visualized: the example of the rosiglitazone meta-analysis},
  author={R{\"u}cker, Gerta and Schumacher, Martin},
  journal={BMC Medical Research Methodology},
  volume={8},
  number={1},
  pages={34},
  year={2008},
  publisher={BioMed Central}
}

@article{stewart,
  title={Statistical analysis of individual participant data meta-analyses: a comparison of methods and recommendations for practice},
  author={Stewart, Gavin B and Altman, Douglas G and Askie, Lisa M and Duley, Lelia and Simmonds, Mark C and Stewart, Lesley A},
  journal={PloS One},
  volume={7},
  number={10},
  pages={e46042},
  year={2012},
  publisher={PLoS One}
}

@article{telescopes,
  title={Small telescopes: Detectability and the evaluation of replication results},
  author={Simonsohn, Uri},
  journal={Psychological Science},
  volume={26},
  number={5},
  pages={559--569},
  year={2015},
  publisher={SAGE Publications Sage CA: Los Angeles, CA}
}

@article{camerer,
  title={Evaluating replicability of laboratory experiments in economics},
  author={Camerer, Colin F and Dreber, Anna and Forsell, Eskil and Ho, Teck-Hua and Huber, J{\"u}rgen and Johannesson, Magnus and Kirchler, Michael and Almenberg, Johan and Altmejd, Adam and Chan, Taizan and others},
  journal={Science},
  volume={351},
  number={6280},
  pages={1433--1436},
  year={2016},
  publisher={American Association for the Advancement of Science}
}


@article{veroniki,
  title={Methods to estimate the between-study variance and its uncertainty in meta-analysis},
  author={Veroniki, AA and Jackson, D and Viechtbauer, W and Bender, R and Bowden, J and Knapp, G and Kuss, O and Higgins, J and Langan, D and Salanti, G},
  journal={Research Synthesis Methods},
  volume={7},
  number={1},
  pages={55--79},
  year={2016},
  publisher={Wiley Online Library}
}


@article{etz,
  title={A {B}ayesian perspective on the {R}eproducibility {P}roject: Psychology},
  author={Etz, Alexander and Vandekerckhove, Joachim},
  journal={PLoS One},
  volume={11},
  number={2},
  pages={e0149794},
  year={2016},
  publisher={Public Library of Science}
}

@article{ml3,
  title={Many {L}abs 3: Evaluating participant pool quality across the academic semester via replication},
  author={Ebersole, Charles R and Atherton, Olivia E and Belanger, Aimee L and Skulborstad, Hayley M and Allen, Jill M and Banks, Jonathan B and Baranski, Erica and Bernstein, Michael J and Bonfiglio, Diane BV and Boucher, Leanne and others},
  journal={Journal of Experimental Social Psychology},
  volume={67},
  pages={68--82},
  year={2016},
  publisher={Elsevier}
}

@article{mullen,
  title={Consistency versus licensing effects of past moral behavior},
  author={Mullen, Elizabeth and Monin, Beno{\^\i}t},
  journal={Annual Review of Psychology},
  volume={67},
  year={2016}
}

@article{baumeister,
  title={Misguided effort with elusive implications},
  author={Baumeister, Roy F and Vohs, Kathleen D},
  journal={Perspectives on Psychological Science},
  volume={11},
  number={4},
  pages={574--575},
  year={2016},
  publisher={SAGE Publications}
}


@article{finkel,
  title={Reflections on the commitment-forgiveness {R}egistered {R}eplication {R}eport},
  author={Finkel, Eli J},
  journal={Perspectives on Psychological Science},
  volume={11},
  number={5},
  pages={765--767},
  year={2016},
  publisher={SAGE Publications Sage CA: Los Angeles, CA}
}

@article{rpp,
  title={Estimating the reproducibility of psychological science},
  author={{Open Science Collaboration}},
  journal={Science},
  volume={349},
  number={6251},
  pages={aac4716},
  year={2015},
  publisher={American Association for the Advancement of Science}
}


@article{risen,
  title={Why people are reluctant to tempt fate},
  author={Risen, Jane L and Gilovich, Thomas},
  journal={Journal of Personality and Social Psychology},
  volume={95},
  number={2},
  pages={293},
  year={2008}
}

@article{epstein,
  title={Irrational reactions to negative outcomes: evidence for two conceptual systems.},
  author={Epstein, Seymour and Lipson, Abigail and Holstein, Carolyn and Huh, Eileen},
  journal={Journal of Personality and Social Psychology},
  volume={62},
  number={2},
  pages={328},
  year={1992},
  publisher={American Psychological Association}
}

@article{rand,
  title={The promise of {M}echanical {T}urk: How online labor markets can help theorists run behavioral experiments},
  author={Rand, David G},
  journal={Journal of Theoretical Biology},
  volume={299},
  pages={172--179},
  year={2012},
  publisher={Elsevier}
}


@article{my_ml5_writeup,
  title={{ML5: R}eplications of {R}isen \& {G}ilovich (2008). {R}etrieved from https://osf.io/h5a9y/},
  author={Mathur, MB et al.},
  note={},
  year={2012} 
}





@article{my_rpp_writeup,
  title={Replication of {"W}hy people are reluctant to tempt fat{e"} by {R}isen \& {G}ilovich. Retrieved from https://osf.io/nwua6/.},
  author={Mathur, MB and Frank, MC},
  note={},
  year={2012} 
}

@article{metasens,
  title={Sensitivity analysis for unmeasured confounding in meta-analyses. Preprint retrieved from https://osf.io/wdmht/.},
  author={Mathur, MB and VanderWeele, TJ},
  note={},
  year={2017} 
}


@article{monin,
  title={Be careful what you wish for: Commentary on {E}bersole et al. (2016)},
  author={Monin, Beno{\^\i}t},
  journal={Journal of Experimental Social Psychology},
  volume={67},
  pages={95--96},
  year={2016},
  publisher={Elsevier}
}

@article{lakens,
  title={Calculating and reporting effect sizes to facilitate cumulative science: a practical primer for t-tests and {ANOVA}s},
  author={Lakens, Dani{\"e}l},
  journal={Frontiers in Psychology},
  volume={4},
  year={2013},
  publisher={Frontiers Media SA}
}

@article{monin_original,
  title={Moral credentials and the expression of prejudice.},
  author={Monin, Beno{\^\i}t and Miller, Dale T},
  journal={Journal of Personality and Social Psychology},
  volume={81},
  number={1},
  pages={33},
  year={2001},
  publisher={American Psychological Association}
}